<?xml version="1.0" encoding="UTF-8"?><collection xmlns="http://www.loc.gov/MARC21/slim"><record><leader>00401nam--2200145-i-4500</leader><controlfield tag="001">000030344</controlfield><controlfield tag="002">20161230</controlfield><controlfield tag="005">20161230201038</controlfield><controlfield tag="008">060222s1000------------r-----000-0-eng-d</controlfield><datafield ind1=" " ind2=" " tag="080"><subfield code="a">517.443</subfield></datafield><datafield ind1=" " ind2=" " tag="100"><subfield code="a">Lighthill, M.J</subfield></datafield><datafield ind1=" " ind2=" " tag="245"><subfield code="a">Introduction to fourier analysis and generalised functions</subfield></datafield><datafield ind1=" " ind2=" " tag="260"><subfield code="a">Cambridge, University Press, 1964. 79p</subfield></datafield><datafield ind1=" " ind2=" " tag="852"><subfield code="a">75784</subfield><subfield code="c">517.5</subfield></datafield><datafield ind1=" " ind2=" " tag="CAT"><subfield code="a">Sys</subfield><subfield code="c">20080812</subfield><subfield code="h">083457</subfield></datafield></record></collection>